<?xml version="1.0" encoding="UTF-8"?><collection xmlns="http://www.loc.gov/MARC21/slim"><record><leader>00430nam--2200133-i-4500</leader><controlfield tag="001">000008093</controlfield><controlfield tag="002">20161230</controlfield><controlfield tag="005">20161230201027</controlfield><controlfield tag="008">060222s1000------------r-----000-0-eng-d</controlfield><datafield ind1=" " ind2=" " tag="100"><subfield code="a">Cohen-tannoudji, G., Morel, A.And Navelet, H</subfield></datafield><datafield ind1=" " ind2=" " tag="245"><subfield code="a">Kinematical singularities, crossing matrix and kinematical constraints for two-body helicity amplitudes</subfield></datafield><datafield ind1=" " ind2=" " tag="260"><subfield code="a">Saclau, Centre D Etudes Nucleaires, 1967</subfield></datafield><datafield ind1=" " ind2=" " tag="490"><subfield code="a">132p</subfield></datafield><datafield ind1=" " ind2=" " tag="852"><subfield code="a">530.1</subfield></datafield></record></collection>